<record><leader>00000cas a22000007a 4500</leader><controlfield tag="001">14126118</controlfield><controlfield tag="008">860822d18801916pauwr ne      0    0eng d</controlfield><datafield ind1=" " ind2=" " tag="010"><subfield code="a">sn 86081753 </subfield></datafield><datafield ind1=" " ind2=" " tag="040"><subfield code="a">NPH</subfield><subfield code="b">eng</subfield><subfield code="c">NPH</subfield><subfield code="d">OCLCQ</subfield></datafield><datafield ind1=" " ind2=" " tag="042"><subfield code="a">msc</subfield></datafield><datafield ind1="0" ind2=" " tag="130"><subfield code="a">Sunbury American (Sunbury, Pa. : 1880)</subfield></datafield><datafield ind1="1" ind2="4" tag="245"><subfield code="a">The Sunbury American.</subfield></datafield><datafield ind1=" " ind2=" " tag="260"><subfield code="a">Sunbury, Pa. :</subfield><subfield code="b">Em'l. Wilvert and Son,</subfield><subfield code="c">1880-</subfield></datafield><datafield ind1=" " ind2=" " tag="300"><subfield code="a">v.</subfield></datafield><datafield ind1=" " ind2=" " tag="310"><subfield code="a">Weekly</subfield></datafield><datafield ind1="0" ind2=" " tag="362"><subfield code="a">New ser. v. 1, no. 1 (Apr. 9, 1880)- = old ser. v. 39, no. 47-</subfield></datafield><datafield ind1="1" ind2=" " tag="362"><subfield code="a">Ceased in Sept. 1916.</subfield><subfield code="z">Cf. Rossell, G. Pa. newspapers.</subfield></datafield><datafield ind1=" " ind2=" " tag="752"><subfield code="a">United States</subfield><subfield code="b">Pennsylvania</subfield><subfield code="c">Northumberland</subfield><subfield code="d">Sunbury.</subfield></datafield><datafield ind1="0" ind2="1" tag="780"><subfield code="t">Sunbury gazette-American</subfield><subfield code="w">(DLC)sn 86081751</subfield></datafield></record>